<record><leader>00000cas a22000007a 4500</leader><controlfield tag="001">17453226</controlfield><controlfield tag="008">880209d18561857iauwr ne      0    0eng d</controlfield><datafield ind1=" " ind2=" " tag="010"><subfield code="a">sn 88059487 </subfield></datafield><datafield ind1=" " ind2=" " tag="040"><subfield code="a">INP</subfield><subfield code="b">eng</subfield><subfield code="c">INP</subfield><subfield code="d">OCLCQ</subfield></datafield><datafield ind1=" " ind2=" " tag="042"><subfield code="a">msc</subfield></datafield><datafield ind1="0" ind2="0" tag="245"><subfield code="a">St. Charles Republican intelligencer.</subfield></datafield><datafield ind1="3" ind2="0" tag="246"><subfield code="a">Saint Charles Republican intelligencer</subfield></datafield><datafield ind1=" " ind2=" " tag="260"><subfield code="a">St. Charles [Charles City], Iowa :</subfield><subfield code="b">Hildreth &amp; Carver,</subfield><subfield code="c">1856-1857.</subfield></datafield><datafield ind1=" " ind2=" " tag="300"><subfield code="a">2 v.</subfield></datafield><datafield ind1=" " ind2=" " tag="310"><subfield code="a">Weekly</subfield></datafield><datafield ind1="0" ind2=" " tag="362"><subfield code="a">Vol. 1, no. 1 (July 31, 1856)-v. 2, no. 2 (Sept. 24, 1857).</subfield></datafield><datafield ind1=" " ind2=" " tag="500"><subfield code="a">St. Charles, Iowa later called Charles City, Iowa.</subfield></datafield><datafield ind1=" " ind2=" " tag="752"><subfield code="a">United States</subfield><subfield code="b">Iowa</subfield><subfield code="c">Floyd</subfield><subfield code="d">Saint Charles.</subfield></datafield><datafield ind1=" " ind2=" " tag="752"><subfield code="a">United States</subfield><subfield code="b">Iowa</subfield><subfield code="c">Floyd</subfield><subfield code="d">Charles City.</subfield></datafield><datafield ind1="0" ind2="0" tag="785"><subfield code="t">St. Charles City Republican intelligencer</subfield><subfield code="w">(DLC)sn 82014141</subfield></datafield></record>